<?xml version="1.0" encoding="UTF-8"?><collection xmlns="http://www.loc.gov/MARC21/slim"><record><leader>00561nam--2200181-i-4500</leader><controlfield tag="001">000039139</controlfield><controlfield tag="002">20161230</controlfield><controlfield tag="005">20161230201042</controlfield><controlfield tag="008">060222s1000------------r-----000-0-fre-d</controlfield><datafield ind1=" " ind2=" " tag="040"><subfield code="a">IFIN-HH</subfield></datafield><datafield ind1=" " ind2=" " tag="041"><subfield code="a">fre</subfield></datafield><datafield ind1=" " ind2=" " tag="080"><subfield code="a">537.622(043)</subfield></datafield><datafield ind1="1" ind2=" " tag="100"><subfield code="a">Rimet, Roger</subfield></datafield><datafield ind1="1" ind2="0" tag="245"><subfield code="a">Synthese et proprietes magnetiques des chalcogenures ternaires ab2x4(a-eu, mn: b-a1, ga, x-s, se, te) et mn3si2te6</subfield><subfield code="b">These</subfield><subfield code="c">Roger rimet</subfield></datafield><datafield ind1=" " ind2=" " tag="260"><subfield code="a">Grenoble</subfield><subfield code="b">Universite Scientifique Et Medicale</subfield><subfield code="c">1982</subfield></datafield><datafield ind1=" " ind2=" " tag="300"><subfield code="a">262 P</subfield></datafield><datafield ind1=" " ind2=" " tag="852"><subfield code="a">73745</subfield><subfield code="c">537:538</subfield></datafield><datafield ind1=" " ind2=" " tag="CAT"><subfield code="a">Sys</subfield><subfield code="c">20110628</subfield><subfield code="h">084821</subfield></datafield></record></collection>